<record><leader>00000cas a22000007a 4500</leader><controlfield tag="001">9776007</controlfield><controlfield tag="008">830804d18621868nyuwr ne      0    0eng d</controlfield><datafield ind1=" " ind2=" " tag="010"><subfield code="a">sn 83031096 </subfield></datafield><datafield ind1=" " ind2=" " tag="040"><subfield code="a">NPU</subfield><subfield code="b">eng</subfield><subfield code="c">NPU</subfield><subfield code="d">NPX</subfield><subfield code="d">NYS</subfield><subfield code="d">OCL</subfield><subfield code="d">OCLCF</subfield><subfield code="d">OCLCO</subfield></datafield><datafield ind1="1" ind2=" " tag="029"><subfield code="a">AU@</subfield><subfield code="b">000020226968</subfield></datafield><datafield ind1=" " ind2=" " tag="042"><subfield code="a">msc</subfield></datafield><datafield ind1="0" ind2="0" tag="245"><subfield code="a">Broome weekly Republican.</subfield></datafield><datafield ind1=" " ind2=" " tag="260"><subfield code="a">Binghamton, N.Y. :</subfield><subfield code="b">Carl Brothers &amp; Taylor,</subfield></datafield><datafield ind1=" " ind2=" " tag="300"><subfield code="a">v. ;</subfield><subfield code="c">68 cm.</subfield></datafield><datafield ind1=" " ind2=" " tag="310"><subfield code="a">Weekly</subfield></datafield><datafield ind1="0" ind2=" " tag="362"><subfield code="a">Vol. 41, no. 2 (July 16, 1862)-</subfield></datafield><datafield ind1="1" ind2=" " tag="362"><subfield code="a">Ceased in 1868.</subfield></datafield><datafield ind1=" " ind2=" " tag="500"><subfield code="a">Editor: William Stuart, &lt;1865&gt;.</subfield></datafield><datafield ind1=" " ind2="0" tag="651"><subfield code="a">Binghamton (N.Y.)</subfield><subfield code="v">Newspapers.</subfield></datafield><datafield ind1=" " ind2="7" tag="655"><subfield code="a">Newspapers.</subfield><subfield code="2">fast</subfield><subfield code="0">(OCoLC)fst01423814</subfield></datafield><datafield ind1=" " ind2="7" tag="651"><subfield code="a">New York (State)</subfield><subfield code="z">Binghamton.</subfield><subfield code="2">fast</subfield><subfield code="0">(OCoLC)fst01206763</subfield></datafield><datafield ind1="1" ind2=" " tag="700"><subfield code="a">Stuart, William.</subfield></datafield><datafield ind1=" " ind2=" " tag="752"><subfield code="a">United States</subfield><subfield code="b">New York</subfield><subfield code="c">Broome</subfield><subfield code="d">Binghamton.</subfield></datafield><datafield ind1="0" ind2=" " tag="775"><subfield code="t">Binghamton daily Republican</subfield><subfield code="w">(DLC)sn 83031036</subfield></datafield><datafield ind1="0" ind2="0" tag="780"><subfield code="t">Broome Republican (Binghamton, N.Y. : 1822)</subfield><subfield code="w">(DLC)sn 83031041</subfield></datafield><datafield ind1="0" ind2="0" tag="785"><subfield code="t">Broome Republican (Binghamton, N.Y. : 1868)</subfield><subfield code="w">(DLC)sn 90066568</subfield><subfield code="w">(OCoLC)22712770</subfield></datafield></record>